
<record>
  <controlfield tag="001">1707207</controlfield>
  <datafield tag="024" ind1="7" ind2=" ">
    <subfield code="a">10.18429/JACoW-RuPAC2018-MOXMH02</subfield>
    <subfield code="2">DOI</subfield>
    <subfield code="9">JACoW</subfield>
  </datafield>
  <datafield tag="035" ind1=" " ind2=" ">
    <subfield code="a">Shwartz:2018nna</subfield>
    <subfield code="9">INSPIRETeX</subfield>
  </datafield>
  <datafield tag="245" ind1=" " ind2=" ">
    <subfield code="a">VEPP-2000 Collider Operation in Full Energy Range with New Injector</subfield>
    <subfield code="9">JACoW</subfield>
  </datafield>
</record>